<?xml version="1.0" encoding="UTF-8"?>
<record>
  <leader>01423nam a2200421 c 4500</leader>
  <controlfield tag="003">DE-605</controlfield>
  <controlfield tag="005">20250528134530.0</controlfield>
  <controlfield tag="007">cr#|||||||||||</controlfield>
  <controlfield tag="008">220126m20229999gw      o     ||| | ger c</controlfield>
  <controlfield tag="001">99371152051606441</controlfield>
  <datafield tag="024" ind1="7" ind2=" ">
    <subfield code="a">urn:nbn:de:hbz:929:02-edoweb:70416737</subfield>
    <subfield code="2">urn</subfield>
  </datafield>
  <datafield tag="035" ind1=" " ind2=" ">
    <subfield code="a">(DE-605)HT021210828</subfield>
  </datafield>
  <datafield tag="040" ind1=" " ind2=" ">
    <subfield code="a">107</subfield>
    <subfield code="b">ger</subfield>
    <subfield code="c">DE-605</subfield>
    <subfield code="d">DE-605</subfield>
    <subfield code="e">rda</subfield>
  </datafield>
  <datafield tag="041" ind1=" " ind2=" ">
    <subfield code="a">ger</subfield>
  </datafield>
  <datafield tag="044" ind1=" " ind2=" ">
    <subfield code="c">XA-DE</subfield>
  </datafield>
  <datafield tag="082" ind1="0" ind2=" ">
    <subfield code="a">914.3</subfield>
  </datafield>
  <datafield tag="084" ind1=" " ind2=" ">
    <subfield code="a">Verbandsgemeindebeschreibung</subfield>
    <subfield code="0">http://purl.org/lobid/rpb#n102042</subfield>
    <subfield code="2">rpb</subfield>
  </datafield>
  <datafield tag="084" ind1=" " ind2=" ">
    <subfield code="a">Prüm, Verbandsgemeinde</subfield>
    <subfield code="0">https://rpb.lobid.org/spatial#n23206</subfield>
    <subfield code="2">rpb</subfield>
  </datafield>
  <datafield tag="084" ind1=" " ind2=" ">
    <subfield code="a">710</subfield>
    <subfield code="2">rpb</subfield>
  </datafield>
  <datafield tag="084" ind1=" " ind2=" ">
    <subfield code="a">130</subfield>
    <subfield code="2">rpb</subfield>
  </datafield>
  <datafield tag="084" ind1=" " ind2=" ">
    <subfield code="a">140</subfield>
    <subfield code="2">rpb</subfield>
  </datafield>
  <datafield tag="090" ind1=" " ind2=" ">
    <subfield code="g">c</subfield>
  </datafield>
  <datafield tag="245" ind1="0" ind2="0">
    <subfield code="a">Verbandsgemeinde Prüm</subfield>
  </datafield>
  <datafield tag="264" ind1=" " ind2="1">
    <subfield code="a">Prüm</subfield>
    <subfield code="b">Verbandsgemeinde Prüm</subfield>
    <subfield code="c">[2022?]-</subfield>
  </datafield>
  <datafield tag="336" ind1=" " ind2=" ">
    <subfield code="b">txt</subfield>
  </datafield>
  <datafield tag="337" ind1=" " ind2=" ">
    <subfield code="b">c</subfield>
  </datafield>
  <datafield tag="338" ind1=" " ind2=" ">
    <subfield code="b">cr</subfield>
  </datafield>
  <datafield tag="035" ind1=" " ind2=" ">
    <subfield code="a">(DE-599)HBZHT021210828</subfield>
  </datafield>
  <datafield tag="960" ind1="1" ind2=" ">
    <subfield code="b">Mindestkatalogisat</subfield>
  </datafield>
  <datafield tag="960" ind1="1" ind2=" ">
    <subfield code="r">107: edoweb</subfield>
  </datafield>
  <datafield tag="964" ind1="0" ind2="s">
    <subfield code="F">051</subfield>
    <subfield code="A">mw|||||||||||||</subfield>
  </datafield>
  <datafield tag="964" ind1="0" ind2="i">
    <subfield code="I">marc-FMT via MAB2MARC</subfield>
    <subfield code="F">FMT</subfield>
    <subfield code="A">BK</subfield>
  </datafield>
  <datafield tag="964" ind1="0" ind2="s">
    <subfield code="F">030</subfield>
    <subfield code="A">a|1ur||||||37</subfield>
  </datafield>
  <datafield tag="964" ind1="0" ind2="s">
    <subfield code="F">050</subfield>
    <subfield code="A">||||||||g|||||</subfield>
  </datafield>
  <datafield tag="856" ind1="4" ind2=" ">
    <subfield code="u">https://www.pruem.de/</subfield>
    <subfield code="x">Archivierte Online-Ressource</subfield>
    <subfield code="x">Langzeitarchivierung</subfield>
    <subfield code="z">kostenfrei</subfield>
    <subfield code="3">Volltext</subfield>
  </datafield>
  <datafield tag="856" ind1="4" ind2="0">
    <subfield code="u">https://www.edoweb-rlp.de/resource/edoweb:7041673</subfield>
    <subfield code="3">Volltext</subfield>
    <subfield code="x">Archivierte Online-Ressource</subfield>
  </datafield>
  <datafield tag="655" ind1=" " ind2="7">
    <subfield code="a">Website</subfield>
    <subfield code="0">(DE-588)4596172-4</subfield>
    <subfield code="2">gnd-content</subfield>
  </datafield>
  <datafield tag="583" ind1="1" ind2=" ">
    <subfield code="a">Langzeitarchivierung gewährleistet</subfield>
    <subfield code="f">PERP</subfield>
    <subfield code="5">DE-107</subfield>
  </datafield>
  <datafield tag="MBD" ind1=" " ind2=" ">
    <subfield code="M">49HBZ_NETWORK</subfield>
    <subfield code="i">99371152051606441</subfield>
    <subfield code="n">HBZ Network</subfield>
  </datafield>
  <datafield tag="MBD" ind1=" " ind2=" ">
    <subfield code="M">49HBZ_LBZ</subfield>
    <subfield code="i">991002037339708973</subfield>
    <subfield code="n">Landesbibliothekszentrum RLP (LBZ)</subfield>
  </datafield>
  <datafield tag="MNG" ind1=" " ind2=" ">
    <subfield code="c">System</subfield>
    <subfield code="f">OTHER</subfield>
    <subfield code="i">marc21</subfield>
    <subfield code="l">62</subfield>
    <subfield code="k">01</subfield>
    <subfield code="e">false</subfield>
    <subfield code="d">2025-06-08 01:06:31 Europe/Berlin</subfield>
    <subfield code="g">HT021210828</subfield>
    <subfield code="j">60</subfield>
    <subfield code="a">System</subfield>
    <subfield code="b">2022-01-26 12:31:34 Europe/Berlin</subfield>
  </datafield>
  <datafield tag="POR" ind1=" " ind2=" ">
    <subfield code="x">System</subfield>
    <subfield code="a">53216811890008973</subfield>
    <subfield code="h">OpenAthens (DigiBib IntrOX)</subfield>
    <subfield code="M">49HBZ_LBZ</subfield>
    <subfield code="c">static</subfield>
    <subfield code="y">2024-09-15 16:32:35 Europe/Berlin</subfield>
    <subfield code="w">2024-09-15 16:32:25 Europe/Berlin</subfield>
    <subfield code="D">https://eu04.alma.exlibrisgroup.com/view/uresolver/49HBZ_NETWORK/openurl?u.ignore_date_coverage=true&amp;portfolio_pid=53216811890008973&amp;Force_direct=true</subfield>
    <subfield code="v">P2E_JOB</subfield>
    <subfield code="z">2024-09-15 14:32:25</subfield>
    <subfield code="i">false</subfield>
    <subfield code="S">52216811900008973</subfield>
    <subfield code="d">https://hbz-network.userservices.exlibrisgroup.com/view/uresolver/49HBZ_NETWORK/openurl?u.ignore_date_coverage=true&amp;rft.mms_id=991002037339708973</subfield>
    <subfield code="b">Available</subfield>
    <subfield code="f">BOOK</subfield>
    <subfield code="e">https://www.edoweb-rlp.de/resource/edoweb:7041673</subfield>
    <subfield code="8">53216811890008973</subfield>
  </datafield>
</record>
